@STRING{TALN = {Traitement automatique des langues naturelles}}
@STRING{TALNPAREN = { (} # TALN # {)}}
@STRING{ACTESDE = {Actes de }} 

@article{loper2002nltk,
  title={NLTK: the natural language toolkit},
  author={Loper, Edward and Bird, Steven},
  journal={arXiv preprint cs/0205028},
  year={2002}
}

@book{jurafsky2014speech,
  title={Speech and language processing},
  author={Jurafsky, Dan and Martin, James H},
  volume={3},
  year={2014},
  publisher={Pearson London}
}

@inproceedings{dredze2007frustratingly,
	title={Frustratingly Hard Domain Adaptation for Dependency Parsing.},
	author={Dredze, Mark and Blitzer, John and Talukdar, Partha Pratim and Ganchev, Kuzman and Graca, Joao and Pereira, Fernando CN},
	booktitle={EMNLP-CoNLL},
	pages={1051--1055},
	year={2007}
}



@article{attardi2009accurate,
  title={Accurate dependency parsing with a stacked multilayer perceptron},
  author={Attardi, Giuseppe and Dellâ€™Orletta, Felice and Simi, Maria and Turian, Joseph},
  journal={Proceedings of EVALITA},
  volume={9},
  pages={1--8},
  year={2009}
}

@inproceedings{attardi2007multilingual,
	title={Multilingual Dependency Parsing and Domain Adaptation using {DeSR}},
	author={Attardi, Giuseppe and Dell'Orletta, Felice and Simi, Maria and Chanev, Atanas and Ciaramita, Massimiliano},
	booktitle={EMNLP-CoNLL},
	pages={1112--1118},
	year={2007}
}

@inproceedings{attardi2007tree,
  title={Tree revision learning for dependency parsing},
  author={Attardi, Giuseppe and Ciaramita, Massimiliano},
  booktitle={Human Language Technologies 2007: The Conference of the North American Chapter of the Association for Computational Linguistics; Proceedings of the Main Conference},
  pages={388--395},
  year={2007}
}

@inproceedings{nilsson2007conll,
  title={The CoNLL 2007 shared task on dependency parsing},
  author={Nilsson, Jens and Riedel, Sebastian and Yuret, Deniz},
  booktitle={Proceedings of the CoNLL shared task session of EMNLP-CoNLL},
  pages={915--932},
  year={2007},
  organization={sn}
}

@inproceedings{Blitzer:2006:DAS:1610075.1610094,
	author = {Blitzer, John and McDonald, Ryan and Pereira, Fernando},
	title = {Domain Adaptation with Structural Correspondence Learning},
	booktitle = {Proceedings of the 2006 Conference on Empirical Methods in Natural Language Processing},
	series = {EMNLP '06},
	year = {2006},
	isbn = {1-932432-73-6},
	location = {Sydney, Australia},
	pages = {120--128},
	numpages = {9},
	url = {http://dl.acm.org/citation.cfm?id=1610075.1610094},
	acmid = {1610094},
	publisher = {Association for Computational Linguistics},
	address = {Stroudsburg, PA, USA},
} 

@inproceedings{blitzer:mcdonald:ea:06,
	Address = {Sydney, Australia},
	Author = {Blitzer, John and McDonald, Ryan and Pereira, Fernando},
	Booktitle = {Proceedings of the Conference on Empirical Methods in Natural Language Processing (EMNLP)},
	Date-Added = {2016-11-15 15:18:58 +0000},
	Date-Modified = {2016-11-15 15:18:58 +0000},
	Pages = {120--128},
	Title = {Domain Adaptation with Structural Correspondence Learning},
	Year = {2006}}
	
	
@inproceedings{sagae2007dependency,
	Address = {Prague, Czech Republic},
	Author = {Sagae, Kenji and Tsujii, Jun'ichi},
	Booktitle = {Proceedings of the CoNLL Shared Task Session of EMNLP-CoNLL 2007},
	Date-Modified = {2010-07-07 16:12:01 -0400},
	Keywords = {dependency parsing, domain adaptation},
	Pages = {1044--1050},
	Title = {Dependency Parsing and Domain Adaptation with {LR} Models and Parser Ensembles},
	Year = {2007}}

@inproceedings{kawahara2008learning,
	Address = {Hyderabad, India},
	Author = {Kawahara, Daisuke and Uchimoto, Kiyotaka},
	Booktitle = {Proceedings of the Third International Joint Conference on Natural Language Processing (IJCNLP)},
	Date-Added = {2010-07-07 16:07:12 -0400},
	Date-Modified = {2013-05-16 20:54:23 +0000},
	Keywords = {dependency parsing, domain adaptation},
	Title = {Learning Reliability of Parses for Domain Adaptation of Dependency Parsing},
	Year = {2008}}

@inproceedings{Finkel:2009:HBD:1620754.1620842,
	author = {Finkel, Jenny Rose and Manning, Christopher D.},
	title = {Hierarchical Bayesian Domain Adaptation},
	booktitle = {Proceedings of Human Language Technologies: The 2009 Annual Conference of the North American Chapter of the Association for Computational Linguistics},
	series = {NAACL '09},
	year = {2009},
	isbn = {978-1-932432-41-1},
	location = {Boulder, Colorado},
	pages = {602--610},
	numpages = {9},
	url = {http://dl.acm.org/citation.cfm?id=1620754.1620842},
	acmid = {1620842},
	publisher = {Association for Computational Linguistics},
	address = {Stroudsburg, PA, USA},
} 

@inproceedings{McClosky:2006:RSP:1220175.1220218,
 author = {McClosky, David and Charniak, Eugene and Johnson, Mark},
 title = {Reranking and Self-training for Parser Adaptation},
 booktitle = {Proceedings of the 21st International Conference on Computational Linguistics and the 44th Annual Meeting of the Association for Computational Linguistics},
 series = {ACL-44},
 year = {2006},
 address = {Sydney, Australia},
 pages = {337--344},
 numpages = {8},
 url = {https://doi.org/10.3115/1220175.1220218},
 doi = {10.3115/1220175.1220218},
 acmid = {1220218},
} 

@inproceedings{McClosky:2006:ESP:1220835.1220855,
 author = {McClosky, David and Charniak, Eugene and Johnson, Mark},
 title = {Effective Self-training for Parsing},
 booktitle = {Proceedings of the Main Conference on Human Language Technology Conference of the North American Chapter of the Association of Computational Linguistics},
 series = {HLT-NAACL '06},
 year = {2006},
 address = {New York, New York},
 pages = {152--159},
 numpages = {8},
 url = {https://doi.org/10.3115/1220835.1220855},
 doi = {10.3115/1220835.1220855},
 acmid = {1220855}
} 


@article{collins2005discriminative,
  title={Discriminative reranking for natural language parsing},
  author={Collins, Michael and Koo, Terry},
  journal={Computational Linguistics},
  volume={31},
  number={1},
  pages={25--70},
  year={2005},
  publisher={MIT Press}
}

@inproceedings{charniak2005coarse,
  title={Coarse-to-fine n-best parsing and MaxEnt discriminative reranking},
  author={Charniak, Eugene and Johnson, Mark},
  booktitle={Proceedings of the 43rd annual meeting on association for computational linguistics},
  pages={173--180},
  year={2005},
  organization={Association for Computational Linguistics}
}


@inproceedings{brill1992simple,
 	Address = {Harriman, NY},
	Author = {Eric Brill},
	Booktitle = {Proceedings of the DARPA Speech and Natural Language Workshop},
	Date-Modified = {2008-06-29 21:48:45 -0400},
	Keywords = {POS tagging, transformation-based learning},
	Pages = {112--116},
	Title = {A Simple Rule-Based Part of Speech Tagger},
	Year = 1992}

@inproceedings{brill1993automatic,
  title={Automatic grammar induction and parsing free text: A transformation-based approach},
  author={Brill, Eric},
  booktitle={Proceedings of the 31st Annual Meeting of the Association for Computational Linguistics},
  pages={259--265},
  year={1993}}

@inproceedings{brill1994rule,
  title={A rule-based approach to prepositional phrase attachment disambiguation},
  author={Brill, Eric and Resnik, Philip},
  booktitle={Proceedings of the 15th conference on Computational linguistics-Volume 2},
  pages={1198--1204},
  year={1994}}

@article{Brill:1995:TEL:218355.218367,
	Author = {Eric Brill},
	Date-Modified = {2008-06-29 21:49:23 -0400},
	Journal = {Computational Linguistics},
	Keywords = {transformation-based learning, POS tagging},
	Number = 1,
	Pages = {543--565},
	Title = {Transformation-Based Error-Driven Learning and Natural Language Processing: A Case Study in Part of Speech Tagging},
	Volume = 24,
	Year = 1995}


@inproceedings{mcclosky:charniak:ea:10,
	Address = {Los Angeles, California},
	Author = {McClosky, David and Charniak, Eugene and Johnson, Mark},
	Booktitle = {Human Language Technologies: The 2010 Annual Conference of the North American Chapter of the Association for Computational Linguistics},
	Date-Added = {2015-09-15 16:23:09 +0000},
	Date-Modified = {2015-09-15 16:23:09 +0000},
	Keywords = {domain adaptation, statistical parsing},
	Pages = {28--36},
	Title = {Automatic Domain Adaptation for Parsing},
	Year = {2010}}
	
	
	@inproceedings{Nakagawa:2002:SBP:1118771.1118778,
 author = {Nakagawa, Hiroshi and Mori, Tatsunori},
 title = {A Simple but Powerful Automatic Term Extraction Method},
 booktitle = {COLING-02 on COMPUTERM 2002: Second International Workshop on Computational Terminology - Volume 14},
 series = {COMPUTERM '02},
 year = {2002},
 pages = {1--7},
 numpages = {7},
 url = {https://doi.org/10.3115/1118771.1118778},
 doi = {10.3115/1118771.1118778},
 acmid = {1118778},
 publisher = {Association for Computational Linguistics},
 address = {Stroudsburg, PA, USA},
} 

@inproceedings{Nakagawa:2002:RLA:1073083.1073167,
 author = {Nakagawa, Tetsuji and Kudo, Taku and Matsumoto, Yuji},
 title = {Revision Learning and Its Application to Part-of-speech Tagging},
 booktitle = {Proceedings of the 40th Annual Meeting on Association for Computational Linguistics},
 series = {ACL '02},
 year = {2002},
 location = {Philadelphia, Pennsylvania},
 pages = {497--504},
 numpages = {8},
 url = {https://doi.org/10.3115/1073083.1073167},
 doi = {10.3115/1073083.1073167},
 acmid = {1073167}
} 


@unpublished{francis1964brown,
	Author = {Francis, W. Nelson and Kucera, Henry},
	Date-Added = {2012-12-21 17:37:46 +0000},
	Date-Modified = {2014-04-03 17:31:49 +0000},
	Note = {Brown University},
	Title = {{Brown} Corpus Manual},
	Year = {1979}}

@inproceedings{eberhard2010indiana,
	Address = {Valetta, Malta},
	Author = {Eberhard, Kathleen and Nicholson, Hannele and K\"ubler, Sandra and Gunderson, Susan and Scheutz, Matthias},
	Booktitle = {Proceedings of the Seventh International Conference on Language Resources and Evaluation (LREC)},
	Date-Added = {2010-02-09 14:25:39 -0500},
	Date-Modified = {2011-05-27 11:52:55 -0400},
	Keywords = {corpus},
	Title = {The {Indiana "Cooperative Remote Search Task" (CReST) Corpus}},
	Year = {2010}}

@inproceedings{Marcus:1994:PTA:1075812.1075835,
 author = {Marcus, Mitchell and Kim, Grace and Marcinkiewicz, Mary Ann and MacIntyre, Robert and Bies, Ann and Ferguson, Mark and Katz, Karen and Schasberger, Britta},
 title = {The {Penn Treebank}: Annotating predicate argument structure},
 booktitle = {Proceedings of the Workshop on Human Language Technology},
 series = {HLT '94},
 year = {1994},
 isbn = {1-55860-357-3},
 address = {Plainsboro, NJ},
 pages = {114--119},
 numpages = {6},
 url = {http://dx.doi.org/10.3115/1075812.1075835},
 doi = {10.3115/1075812.1075835},
 acmid = {1075835},
} 

@inproceedings{johansson2007a,
  title = {Extended Constituent-to-dependency Conversion for {E}nglish},
  booktitle = {Proceedings of NODALIDA 2007},
  author = {Richard Johansson and Pierre Nugues},
  month = {May 25-26},
  year = {2007},
  pages = {105-112},
  address = {Tartu, Estonia},
}

@inproceedings{khan:dickinson:ea:13.2,
	Address = {Hissar, Bulgaria},
	Author = {Khan, Mohammad and Dickinson, Markus and K\"ubler, Sandra},
	Booktitle = {Proceedings of the International Conference on Recent Advances in Natural Language Processing (RANLP)},
	Date-Added = {2015-09-21 00:29:31 +0000},
	Date-Modified = {2015-09-21 00:29:31 +0000},
	Keywords = {domain adaptation, parsing},
	Title = {Towards Domain Adaptation for Parsing Web Data},
	Year = {2013}}
	
@inproceedings{yu2015domain,
  title={Domain adaptation for dependency parsing via self-training},
  author={Yu, Juntao and Elkaref, Mohab and Bohnet, Bernd},
  booktitle={Proceedings of the 14th International Conference on Parsing Technologies},
  pages={1--10},
  year={2015}
}

@inproceedings{bohnet:2010:PAPERS,
	Address = {Beijing, China},
	Author = {Bohnet, Bernd},
	Booktitle = {Proceedings of the 23rd International Conference on Computational Linguistics (COLING)},
	Pages = {89--97},
	Title = {Top Accuracy and Fast Dependency Parsing is not a Contradiction},
	Url = {http://www.aclweb.org/anthology/C10-1011},
	Year = {2010},
	Bdsk-Url-1 = {http://www.aclweb.org/anthology/C10-1011}}

@inproceedings{bohnet2010very,
  title={Very high accuracy and fast dependency parsing is not a contradiction},
  author={Bohnet, Bernd},
  booktitle={Proceedings of the 23rd international conference on computational linguistics},
  pages={89--97},
  year={2010}}

@inproceedings{mcclosky2010automatic,
	title={Automatic domain adaptation for parsing},
	author={McClosky, David and Charniak, Eugene and Johnson, Mark},
	booktitle={Human Language Technologies: The 2010 Annual Conference of the North American Chapter of the Association for Computational Linguistics},
	pages={28--36},
	year={2010}}

@article{schmid1995treetagger,
  title={Treetagger -- a language independent part-of-speech tagger},
  author={Schmid, Helmut},
  journal={Institut f\"ur Maschinelle Sprachverarbeitung, Universit{\"a}t Stuttgart},
  volume={43},
  pages={28},
  year={1995}
}

@inproceedings{mcdonald2005non,
  title={Non-projective dependency parsing using spanning tree algorithms},
  author={McDonald, Ryan and Pereira, Fernando and Ribarov, Kiril and Haji{\v{c}}, Jan},
  booktitle={Proceedings of the Conference on Human Language Technology and Empirical Methods in Natural Language Processing},
  pages={523--530},
  year={2005}}

@inproceedings{woodley2005applying,
  title={Applying transformation-based error-driven learning to structured natural language queries},
  author={Woodley, Alan and Geva, Shlomo},
  booktitle={International Conference on Cyberworlds},
  pages={8--pp},
  year={2005}}
  
  
 

@inproceedings{plank2011effective,
  title={Effective measures of domain similarity for parsing},
  author={Plank, Barbara and van Noord, Gertjan},
  booktitle={Proceedings of the 49th Annual Meeting of the Association for Computational Linguistics: Human Language Technologies},
  pages={1566--1576},
  address = {Portland, OR},
  year={2011}}	

@InProceedings{miller:torii:ea:07,
  author    = {Miller, John  and  Torii, Manabu  and  Vijay-Shanker, K.},
  title     = {Adaptation of {POS} Tagging for Multiple BioMedical Domains},
  booktitle = {Biological, Translational, and Clinical Language Processing},
  year      = {2007},
  address   = {Prague, Czech Republic},
  pages     = {179--180}}
 



@InProceedings{soegaard:13,
  author    = {S{\o}gaard, Anders},
  title     = {Zipfian corruptions for robust POS tagging},
  booktitle = {Proceedings of the 2013 Conference of the North American Chapter of the Association for Computational Linguistics: Human Language Technologies},
  year      = {2013},
  address   = {Atlanta, GA},
  pages     = {668--672},
  url       = {http://www.aclweb.org/anthology/N13-1077}
}



@inproceedings{khan:dickinson:ea:13.2,
	Address = {Hissar, Bulgaria},
	Author = {Khan, Mohammad and Dickinson, Markus and K\"ubler, Sandra},
	Booktitle = {Proceedings of the International Conference on Recent Advances in Natural Language Processing (RANLP)},
	Date-Added = {2015-09-21 00:29:31 +0000},
	Date-Modified = {2015-09-21 00:29:31 +0000},
	Keywords = {domain adaptation, parsing},
	Title = {Towards Domain Adaptation for Parsing Web Data},
	Year = {2013}}

@inproceedings{dredze:blitzer:ea:07,
	Address = {Prague, Czech Republic},
	Author = {Dredze, Mark and Blitzer, John and Pratim Talukdar, Partha and Ganchev, Kuzman and Graca, Jo\~ao and Pereira, Fernando},
	Booktitle = {Proceedings of the CoNLL Shared Task Session of EMNLP-CoNLL 2007},
	Date-Added = {2015-09-21 00:21:31 +0000},
	Date-Modified = {2015-09-21 00:21:31 +0000},
	Keywords = {domain adaptation, dependency parsing},
	Pages = {1051--1055},
	Title = {Frustratingly Hard Domain Adaptation for Dependency Parsing},
	Year = {2007}}

@inproceedings{tateisi:tsujii:04,
	Address = {Lisbon, Portugal},
	Author = {Tateisi, Yuka and Jun'ichi Tsujii},
	Booktitle = {Proceedings of 4th International Conference on Language Resource and Evaluation (LREC)},
	Date-Added = {2015-09-19 22:10:29 +0000},
	Date-Modified = {2015-09-19 22:10:29 +0000},
	Title = {Part-of-Speech Annotation of Biology Research Abstracts},
	Year = {2004}}

@inproceedings{marcus:kim:ea:94,
	Address = {Plainsboro, NJ},
	Author = {Mitchell Marcus and Grace Kim and Mary Ann Marcinkiewicz and Robert MacIntyre and Ann Bies and Mark Ferguson and Karen Katz and Britta Schasberger},
	Booktitle = {Proceedings of the ARPA Human Language Technology Workshop, HLT 94},
	Date-Added = {2015-09-15 16:32:29 +0000},
	Date-Modified = {2015-09-15 16:32:29 +0000},
	Keywords = {treebank, English},
	Pages = {114-119},
	Title = {The {Penn Treebank}: {Annotating} Predicate Argument Structure},
	Year = 1994}

@inproceedings{clark:curran:ea:03,
	Address = {Edmonton, Canada},
	Author = {Clark, Stephen and Curran, James and Osborne, Miles},
	Booktitle = {Proceedings of the Seventh Conference on Natural Language Learning (CoNLL)},
	Date-Added = {2015-09-15 16:31:24 +0000},
	Date-Modified = {2015-09-15 16:31:24 +0000},
	Title = {Bootstrapping {POS}-Taggers Using Unlabelled Data},
	Year = {2003}}

@inproceedings{mcclosky:charniak:ea:10,
	Address = {Los Angeles, CA},
	Author = {McClosky, David and Charniak, Eugene and Johnson, Mark},
	Booktitle = {Human Language Technologies: The 2010 Annual Conference of the North American Chapter of the Association for Computational Linguistics},
	Pages = {28--36},
	Title = {Automatic Domain Adaptation for Parsing},
	Year = {2010}}

@inproceedings{daume:07,
	Address = {Prague, Czech Republic},
	Author = {Daume III, Hal},
	Booktitle = {Proceedings of the 45th Annual Meeting of the Association of Computational Linguistics},
	Date-Added = {2015-09-15 16:21:56 +0000},
	Date-Modified = {2015-09-15 16:21:56 +0000},
	Keywords = {statistical parsing, domain adaptation},
	Pages = {256--263},
	Title = {Frustratingly Easy Domain Adaptation},
	Year = {2007}}

@inproceedings{kuebler:baucom:11,
	Address = {Hissar, Bulgaria},
	Author = {K\"ubler, Sandra and Baucom, Eric},
	Booktitle = {Proceedings of the International Conference on Recent Advances in NLP (RANLP)},
	Date-Added = {2015-09-15 16:21:04 +0000},
	Date-Modified = {2015-09-15 16:21:04 +0000},
	Title = {Fast Domain Adaptation for Part of Speech Tagging for Dialogues},
	Year = {2011}}

@unpublished{santorini:90,
	Author = {Beatrice Santorini},
	Date-Added = {2015-09-15 16:20:44 +0000},
	Date-Modified = {2015-09-15 16:20:44 +0000},
	Keywords = {POS tagging, annotation, English},
	Note = {Department of Computer and Information Science, University of Pennsylvania, 3rd Revision, 2nd Printing},
	Title = {Part-Of-Speech Tagging Guidelines for the {Penn Treebank Project}},
	Url = {ftp://ftp.cis.upenn.edu/pub/treebank/doc/tagguide.ps.gz},
	Year = 1990,
	Bdsk-Url-1 = {ftp://ftp.cis.upenn.edu/pub/treebank/doc/tagguide.ps.gz}}

@inproceedings{brants:00.2,
	Address = {Seattle, WA},
	Author = {Brants, Thorsten},
	Booktitle = {Proceedings of the 1st Conference of the North American Chapter of the Association for Computational Linguistics and the 6th Conference on Applied Natural Language Processing (ANLP/NAACL)},
	Date-Added = {2015-09-15 16:20:13 +0000},
	Date-Modified = {2015-09-15 16:20:13 +0000},
	Keywords = {POS tagging},
	Pages = {224--231},
	Title = {{TnT}--A Statistical Part-of-Speech Tagger},
	Year = 2000}

@inproceedings{Ohta:2002:GCA:1289189.1289260,
	Acmid = {1289260},
	Address = {San Francisco, CA},
	Author = {Ohta, Tomoko and Tateisi, Yuka and Kim, Jin-Dong},
	Booktitle = {Proceedings of the Second International Conference on Human Language Technology Research},
	Numpages = {5},
	Pages = {82--86},
	Title = {The {GENIA} Corpus: An Annotated Research Abstract Corpus in Molecular Biology Domain},
	Url = {http://dl.acm.org/citation.cfm?id=1289189.1289260},
	Year = {2002},
	Bdsk-Url-1 = {http://dl.acm.org/citation.cfm?id=1289189.1289260}}

@unpublished{McCallumMALLET,
	Author = {Andrew Kachites McCallum},
	Note = {http://mallet.cs.umass.edu},
	Title = {MALLET: A Machine Learning for Language Toolkit},
	Year = 2002}

@article{Blei:2003:LDA:944919.944937,
	Acmid = {944937},
	Author = {Blei, David M. and Ng, Andrew Y. and Jordan, Michael I.},
	Issn = {1532-4435},
	Issue_Date = {3/1/2003},
	Journal = {Journal of Machine Learning Research},
	Numpages = {30},
	Pages = {993--1022},
	Publisher = {JMLR.org},
	Title = {Latent Dirichlet Allocation},
	Url = {http://dl.acm.org/citation.cfm?id=944919.944937},
	Volume = {3},
	Year = {2003},
	Bdsk-Url-1 = {http://dl.acm.org/citation.cfm?id=944919.944937}}

@article{Blei:2012:PTM:2133806.2133826,
	Acmid = {2133826},
	Address = {New York, NY, USA},
	Author = {Blei, David M.},
	Date-Modified = {2015-09-23 01:50:06 +0000},
	Doi = {10.1145/2133806.2133826},
	Issn = {0001-0782},
	Issue_Date = {April 2012},
	Journal = {Communications of the ACM},
	Number = {4},
	Numpages = {8},
	Pages = {77--84},
	Publisher = {ACM},
	Title = {Probabilistic Topic Models},
	Url = {http://doi.acm.org/10.1145/2133806.2133826},
	Volume = {55},
	Year = {2012},
	Bdsk-Url-1 = {http://doi.acm.org/10.1145/2133806.2133826},
	Bdsk-Url-2 = {http://dx.doi.org/10.1145/2133806.2133826}}


@InProceedings{bohnet:2010:PAPERS,
  author    = {Bohnet, Bernd},
  title     = {Top Accuracy and Fast Dependency Parsing is not a Contradiction},
  booktitle = {Proceedings of the 23rd International Conference on Computational Linguistics (COLING)},
  year      = {2010},
  address   = {Beijing, China},
  pages     = {89--97},
  url       = {http://www.aclweb.org/anthology/C10-1011}
}

@inproceedings{johansson2007a,
  title = {Extended Constituent-to-Dependency Conversion for {E}nglish},
  booktitle = {Proceedings of NODALIDA 2007},
  author = {Richard Johansson and Pierre Nugues},
  year = {2007},
  pages = {105-112},
  address = {Tartu, Estonia},
}

@inproceedings{sagae2007dependency,
	title={Dependency Parsing and Domain Adaptation with {LR} Models and Parser Ensembles},
	author={Sagae, Kenji and Jun'ichi Tsujii},
	booktitle={Proceedings of the CoNLL Shared Task Session of EMNLP-CoNLL 2007},
	volume={2007},
	pages={1044--1050},
	address = {Prague, Czech Republic},
	year={2007}
}

@inproceedings{nilsson2007conll,
	title={The {CoNLL} 2007 Shared Task on Dependency Parsing},
	author={Joakim Nivre and Johan Hall and Sandra K\"ubler and Ryan McDonald and Jens Nilsson and Sebastian Riedel and Deniz Yuret},
	booktitle={Proceedings of the CoNLL 2007 Shared Task. Joint Conference on Empirical Methods in Natural Language Processing and Computational Natural Language Learning (EMNLP-CoNLL},
	pages={915--932},
	address = {Prague, Czech Republic},
	year={2007}
}

@inproceedings{blitzer:mcdonald:ea:06,
	Address = {Sydney, Australia},
	Author = {Blitzer, John and McDonald, Ryan and Pereira, Fernando},
	Booktitle = {Proceedings of the Conference on Empirical Methods in Natural Language Processing (EMNLP)},
	Date-Added = {2016-11-15 15:18:58 +0000},
	Date-Modified = {2016-11-15 15:18:58 +0000},
	Pages = {120--128},
	Title = {Domain Adaptation with Structural Correspondence Learning},
	Year = {2006}}
} 

@inproceedings{dredze2007frustratingly,
	Address = {Prague, Czech Republic},
	Author = {Dredze, Mark and Blitzer, John and Pratim Talukdar, Partha and Ganchev, Kuzman and Graca, Jo\~ao and Pereira, Fernando},
	Booktitle = {Proceedings of the CoNLL Shared Task Session of EMNLP-CoNLL 2007},
	Date-Added = {2015-09-21 00:21:31 +0000},
	Date-Modified = {2015-09-21 00:21:31 +0000},
	Keywords = {domain adaptation, dependency parsing},
	Pages = {1051--1055},
	Title = {Frustratingly Hard Domain Adaptation for Dependency Parsing},
	Year = {2007}}

@inproceedings{mcclosky2010automatic,
	title={Automatic domain adaptation for parsing},
	author={McClosky, David and Charniak, Eugene and Johnson, Mark},
	booktitle={Human Language Technologies: The 2010 Annual Conference of the North American Chapter of the Association for Computational Linguistics},
	pages={28--36},
	year={2010},
	organization={Association for Computational Linguistics}
}

@inproceedings{attardi2007multilingual,
	title={Multilingual Dependency Parsing and Domain Adaptation using {DeSR}},
	author={Attardi, Giuseppe and Dell'Orletta, Felice and Simi, Maria and Chanev, Atanas and Ciaramita, Massimiliano},
	booktitle={Proceedings of the CoNLL Shared Task Session of EMNLP-CoNLL 2007},
	pages={1112--1118},
	year={2007}
}


@inproceedings{kawahara2008learning,
	title={Learning Reliability of Parses for Domain Adaptation of Dependency Parsing},
	author={Kawahara, Daisuke and Uchimoto, Kiyotaka},
	booktitle={Proceedings of the Third International Joint Conference on Natural Language Processing (IJCNLP)},
	address = {Hyderabad, India},
	year={2008}
}

@inproceedings{Finkel:2009:HBD:1620754.1620842,
	author = {Finkel, Jenny Rose and Manning, Christopher D.},
	title = {Hierarchical {Bayesian} Domain Adaptation},
	booktitle = {Proceedings of Human Language Technologies: The 2009 Annual Conference of the North American Chapter of the Association for Computational Linguistics (HLT-NAACL)},
	year = {2009},
	isbn = {978-1-932432-41-1},
	laddress = {Boulder, CO},
	pages = {602--610},
	numpages = {9},
	url = {http://dl.acm.org/citation.cfm?id=1620754.1620842},
	acmid = {1620842}
} 

@article{daelemans1998timbl,
  title={TiMBL: Tilburg Memory-Based Learner-version 1.0-Reference Guide},
  author={Daelemans, Walter and Zavrel, Jakub and Van der Sloot, Ko and Van den Bosch, Antal},
  year={1998},
  publisher={Citeseer}
}
  